@misc{StatsCan2016,
  author = {{Statistics Canada}},
  title = {{Table 98-400-X2016008}},
  year = {2016},
  url = {https://www150.statcan.gc.ca/n1/en/catalogue/98-400-X2016008}
}
@article{Arenas2020,
  author = {Arenas, Alex and Cota, Wesley and G{\'{o}}mez-Garde{\~{n}}es, Jes{\'{u}}s and G{\'{o}}mez, Sergio and Granell, Clara and Matamalas, Joan T. and Soriano-Pa{\~{n}}os, David and Steinegger, Benjamin},
  doi = {10.1103/PhysRevX.10.041055},
  journal = {Physical Review X},
  month = {dec},
  number = {4},
  pages = {041055},
  title = {{Modeling the Spatiotemporal Epidemic Spreading of COVID-19 and the Impact of Mobility and Social Distancing Interventions}},
  url = {http://www.doi.org/10.1103/PhysRevX.10.041055},
  volume = {10},
  year = {2020}
}

@article{Arregui2018,
  author = {Arregui, Sergio and Aleta, Alberto and Sanz, Joaqu{\'{i}}n and Moreno, Yamir},
  doi = {10.1371/journal.pcbi.1006638},
  journal = {PLoS Computational Biology},
  month = {dec},
  number = {12},
  pages = {e1006638},
  title = {{Projecting social contact matrices to different demographic structures}},
  url = {http://www.doi.org/10.1371/journal.pcbi.1006638},
  volume = {14},
  year = {2018}
}

@article{Ghasemi2021,
  author = {Ghasemi, Amir and Daneman, Nick and Berry, Isha and Buchan, Sarah A. and Soucy, Jean-Paul and Sturrock, Shelby and Brown, Kevin A.},
  doi = {10.1101/2021.04.04.21254906},
  journal = {medRxiv},
  month = {apr},
  title = {{Impact of a nighttime curfew on overnight mobility}},
  url = {http://www.doi.org/10.1101/2021.04.04.21254906},
  year = {2021}
}

@article{Knight2021,
  author = {Knight, Jesse and Ma, Huiting and Ghasemi, Amir and Hamilton, Mackenzie and Brown, Kevin and Mishra, Sharmistha},
  doi = {10.1101/2021.09.29.21264319},
  journal = {medRxiv},
  month = {oct},
  title = {{Adaptive data-driven age and patch mixing in contact networks with recurrent mobility}},
  url = {http://www.doi.org/10.1101/2021.09.29.21264319},
  year = {2021}
}

@article{Mishra2021,
  author = {Mishra, Sharmistha and Stall, Nathan M. and Ma, Huiting and Odutayo, Ayodele and Kwong, Jeffrey C. and Allen, Upton and Brown, Kevin A. and Bogoch, Isaac I. and Erman, Aysegul and Huynh, Tai and Ikura, Sophia and Maltsev, Antonina and McGeer, Allison and Moloney, Gary and Morris, Andrew M. and Schull, Michael and Siddiqi, Arjumand and Smylie, Janet and Watts, Tania and Yiu, Kristy and Sander, Beate and J{\"{u}}ni, Peter},
  doi = {10.47326/ocsat.2021.02.26.1.0},
  journal = {Science Briefs of the Ontario COVID-19 Science Advisory Table},
  month = {apr},
  number = {26},
  title = {{A Vaccination Strategy for Ontario COVID-19 Hotspots and Essential Workers}},
  url = {http://www.doi.org/10.47326/ocsat.2021.02.26.1.0},
  volume = {2},
  year = {2021}
}

@article{Prem2021,
  author = {Prem, Kiesha and van Zandvoort, Kevin and Klepac, Petra and Eggo, Rosalind M. and Davies, Nicholas G. and Cook, Alex R. and Jit, Mark},
  doi = {10.1371/journal.pcbi.1009098},
  journal = {PLoS Computational Biology},
  month = {jul},
  number = {7},
  title = {{Projecting contact matrices in 177 geographical regions: An update and comparison with empirical data for the COVID-19 era}},
  url = {http://www.doi.org/10.1371/journal.pcbi.1009098},
  volume = {17},
  year = {2021}
}

