% Encoding: UTF-8

@Article{Balcan2011,
  author    = {Balcan, Duygu and Vespignani, Alessandro},
  title     = {{Phase transitions in contagion processes mediated by recurrent mobility patterns}},
  doi       = {10.1038/nphys1944},
  number    = {7},
  pages     = {581--586},
  volume    = {7},
  journal   = {Nature Physics},
  year      = {2011},
}

@Article{Arregui2018,
  author    = {Arregui, Sergio and Aleta, Alberto and Sanz, Joaqu{\'{i}}n and Moreno, Yamir},
  title     = {{Projecting social contact matrices to different demographic structures}},
  doi       = {10.1371/journal.pcbi.1006638},
  number    = {12},
  pages     = {e1006638},
  volume    = {14},
  journal   = {PLoS Computational Biology},
  year      = {2018},
}

@Article{Mishra2021,
  author   = {Mishra, Sharmistha and Stall, Nathan M. and Ma, Huiting and Odutayo, Ayodele and Kwong, Jeffrey C. and Allen, Upton and Brown, Kevin A. and Bogoch, Isaac I. and Erman, Aysegul and Huynh, Tai and Ikura, Sophia and Maltsev, Antonina and McGeer, Allison and Moloney, Gary and Morris, Andrew M. and Schull, Michael and Siddiqi, Arjumand and Smylie, Janet and Watts, Tania and Yiu, Kristy and Sander, Beate and J{\"{u}}ni, Peter},
  title    = {{A Vaccination Strategy for Ontario COVID-19 Hotspots and Essential Workers}},
  doi      = {10.47326/ocsat.2021.02.26.1.0},
  number   = {26},
  volume   = {2},
  journal  = {Science Briefs of the Ontario COVID-19 Science Advisory Table},
  year     = {2021},
}

@Article{Sattenspiel1995,
  author    = {Sattenspiel, Lisa and Dietz, Klaus},
  title     = {{A structured epidemic model incorporating geographic mobility among regions}},
  doi       = {10.1016/0025-5564(94)00068-B},
  number    = {1-2},
  pages     = {71--91},
  volume    = {128},
  journal   = {Mathematical Biosciences},
  year      = {1995},
}

@Article{Prem2017,
  author    = {Prem, Kiesha and Cook, Alex R. and Jit, Mark},
  title     = {{Projecting social contact matrices in 152 countries using contact surveys and demographic data}},
  doi       = {10.1371/journal.pcbi.1005697},
  number    = {9},
  pages     = {e1005697},
  volume    = {13},
  journal   = {PLoS Computational Biology},
  year      = {2017},
}

@Article{Kaplan1990,
  author   = {Kaplan, Edward H.},
  title    = {{Modeling HIV infectivity: Must sex acts be counted?}},
  number   = {1},
  pages    = {55--61},
  volume   = {3},
  journal  = {Journal of Acquired Immune Deficiency Syndromes},
  year     = {1990},
}

@Article{Arenas2020,
  author    = {Arenas, Alex and Cota, Wesley and G{\'{o}}mez-Garde{\~{n}}es, Jes{\'{u}}s and G{\'{o}}mez, Sergio and Granell, Clara and Matamalas, Joan T. and Soriano-Pa{\~{n}}os, David and Steinegger, Benjamin},
  title     = {{Modeling the Spatiotemporal Epidemic Spreading of COVID-19 and the Impact of Mobility and Social Distancing Interventions}},
  doi       = {10.1103/PhysRevX.10.041055},
  number    = {4},
  pages     = {041055},
  volume    = {10},
  journal   = {Physical Review X},
  year      = {2020},
}

@Article{Mossong2008,
  author    = {Mossong, Jo{\"{e}}l and Hens, Niel and Jit, Mark and Beutels, Philippe and Auranen, Kari and Mikolajczyk, Rafael and Massari, Marco and Salmaso, Stefania and Tomba, Gianpaolo Scalia and Wallinga, Jacco and Heijne, Janneke and Sadkowska-Todys, Malgorzata and Rosinska, Magdalena and Edmunds, W. John},
  title     = {{Social contacts and mixing patterns relevant to the spread of infectious diseases}},
  doi       = {10.1371/journal.pmed.0050074},
  number    = {3},
  pages     = {0381--0391},
  volume    = {5},
  journal   = {PLoS Medicine},
  year      = {2008},
}
